@online{ChalmersGuide,
  author  = {},
  title   = {Chalmers Writing Guide},
  year    = {2024}, 
  url     = {https://writing.chalmers.se/chalmers-writing-guide/},
  urldate = {2024-09-09}
}
@online{ChalmersGuide_pre-writing,
  author  = {},
  title   = {Chalmers Writing Guide: The pre-writing phase},
  year    = {2024}, 
  url     = {https://writing.chalmers.se/chalmers-writing-guide/the-pre-writing-phase/},
  urldate = {2024-09-09}
}
@online{Questasim_help_system,
  author  = {},
  title   = {Help: Tcl and DO Files},
  year    = {2024},
  url     = {file:///usr/local/cad/questa-2024.1.2/questasim/docs/htmldocs/mgchelp.htm#context=questa_sim_user&id=1357&ihub=questa_sim_ih&Sword=do},
  urldate = {2024-09-09}
}